<?xml version="1.0" encoding="UTF-8"?><collection xmlns="http://www.loc.gov/MARC21/slim"><record><leader>00411nam--2200133-i-4500</leader><controlfield tag="001">000033649</controlfield><controlfield tag="002">20161230</controlfield><controlfield tag="005">20161230201039</controlfield><controlfield tag="008">060222s1000------------r-----000-0-eng-d</controlfield><datafield ind1=" " ind2=" " tag="080"><subfield code="a">669.883(047.1)</subfield></datafield><datafield ind1=" " ind2=" " tag="100"><subfield code="a">Neethling, A.J</subfield></datafield><datafield ind1=" " ind2=" " tag="245"><subfield code="a">Thermodynamic properties and phase diagrm of thernary sodium alloys. i.the system sodium+cadmium+indium</subfield></datafield><datafield ind1=" " ind2=" " tag="260"><subfield code="a">Pelindaba, Atomic Energy Board, 1974. 21p</subfield></datafield><datafield ind1=" " ind2=" " tag="852"><subfield code="a">19393</subfield></datafield></record></collection>